<?xml version="1.0" encoding="UTF-8"?><collection xmlns="http://www.loc.gov/MARC21/slim"><record><leader>00511nam--2200193-i-4500</leader><controlfield tag="001">000023122</controlfield><controlfield tag="002">20161230</controlfield><controlfield tag="005">20170302091355</controlfield><controlfield tag="008">060222s1000------------r-----000-0-eng-d</controlfield><datafield ind1=" " ind2=" " tag="040"><subfield code="a">IFIN- HH</subfield></datafield><datafield ind1=" " ind2=" " tag="080"><subfield code="a">53:51-73</subfield></datafield><datafield ind1="1" ind2=" " tag="100"><subfield code="a">Hochstadt, Harry</subfield></datafield><datafield ind1="1" ind2="0" tag="245"><subfield code="a">The functions of mathematical physics</subfield></datafield><datafield ind1=" " ind2=" " tag="260"><subfield code="a">New York, Wiley-Interscience, 1971</subfield></datafield><datafield ind1=" " ind2=" " tag="300"><subfield code="a">322 p</subfield></datafield><datafield ind1=" " ind2=" " tag="490"><subfield code="a">Pure and Applied Mathematics</subfield><subfield code="v">vol. 23</subfield></datafield><datafield ind1="1" ind2=" " tag="700"><subfield code="a">Harry, Hochstadat</subfield></datafield><datafield ind1=" " ind2=" " tag="852"><subfield code="a">13669</subfield><subfield code="c">51</subfield></datafield><datafield ind1=" " ind2=" " tag="CAT"><subfield code="a">SYS</subfield><subfield code="c">20170302</subfield><subfield code="h">091355</subfield></datafield></record></collection>